@InProceedings{handlers-cps,
  title = {Continuation Passing Style for Effect Handlers},
  author = {Daniel Hillerstr\"{o}m and Sam Lindley and Robert Atkey and KC Sivaramakrishnan},
  year = {2017},
  booktitle = {FSCD},
}
@article{binders-labels,
 author = {Biernacki, Dariusz and Pir\'{o}g, Maciej and Polesiuk, Piotr and Sieczkowski, Filip},
 title = {Binders by Day, Labels by Night: Effect Instances via Lexically Scoped Handlers},
 journal = {Proc. ACM Program. Lang.},
 issue_date = {January 2020},
 year = {2020},
 number = {POPL},
 publisher = {ACM},
}
@InProceedings{liberating-effects,
 author = {Hillerstr\"{o}m, Daniel and Lindley, Sam},
 title = {Liberating Effects with Rows and Handlers},
 series = {TyDe 2016},
 year = {2016},
 numpages = {13},
 publisher = {ACM},
}
@InProceedings{leijen-koka,
 author = {Leijen, Daan},
 title = {Type Directed Compilation of Row-typed Algebraic Effects},
 series = {POPL},
 year = {2017},
 numpages = {14},
 publisher = {ACM},
}
@InProceedings{shallow-handlers,
author="Hillerstr{\"o}m, Daniel and Lindley, Sam",
title="Shallow Effect Handlers",
booktitle="Programming Languages and Systems",
year="2018",
publisher="Springer International Publishing",
}
@article{appel-continuations,
 author = {Appel, Andrew W.},
 title = {Compiling with Continuations},
 year = {1992},
 isbn = {0-521-41695-7},
 publisher = {Cambridge University Press},
 address = {New York, NY, USA},
}
@article{frank,
  author    = {Sam Lindley and
               Conor McBride and
               Craig McLaughlin},
  title     = {Do be do be do},
  journal   = {CoRR},
  volume    = {abs/1611.09259},
  year      = {2016},
  url       = {http://arxiv.org/abs/1611.09259},
  archivePrefix = {arXiv},
  eprint    = {1611.09259},
  timestamp = {Mon, 13 Aug 2018 16:46:15 +0200},
  biburl    = {https://dblp.org/rec/bib/journals/corr/LindleyMM16},
  bibsource = {dblp computer science bibliography, https://dblp.org}
}
@article{helium,
 author = {Biernacki, Dariusz and Pir\'{o}g, Maciej and Polesiuk, Piotr and Sieczkowski, Filip},
 title = {Handle with Care: Relational Interpretation of Algebraic Effects and Handlers},
 journal = {Proc. ACM Program. Lang.},
 issue_date = {January 2018},
 volume = {2},
 number = {POPL},
 month = dec,
 year = {2017},
 issn = {2475-1421},
 pages = {8:1--8:30},
 articleno = {8},
 numpages = {30},
 url = {http://doi.acm.org/10.1145/3158096},
 doi = {10.1145/3158096},
 acmid = {3158096},
 publisher = {ACM},
 address = {New York, NY, USA},
 keywords = {algebraic effect, logical relation, row polymorphism},
}
@article{programming-in-eff,
  author    = {Andrej Bauer and
               Matija Pretnar},
  title     = {Programming with Algebraic Effects and Handlers},
  journal   = {CoRR},
  volume    = {abs/1203.1539},
  year      = {2012},
  url       = {http://arxiv.org/abs/1203.1539},
  archivePrefix = {arXiv},
  eprint    = {1203.1539},
  timestamp = {Mon, 13 Aug 2018 16:46:15 +0200},
  biburl    = {https://dblp.org/rec/bib/journals/corr/abs-1203-1539},
  bibsource = {dblp computer science bibliography, https://dblp.org}
}
@article{eff,
  author    = {Andrej Bauer and
               Matija Pretnar},
  title     = {An Effect System for Algebraic Effects and Handlers},
  journal   = {Logical Methods in Computer Science},
  volume    = {10},
  number    = {4},
  year      = {2014},
  url       = {https://doi.org/10.2168/LMCS-10(4:9)2014},
  doi       = {10.2168/LMCS-10(4:9)2014},
  timestamp = {Tue, 14 May 2019 16:31:18 +0200},
  biburl    = {https://dblp.org/rec/bib/journals/corr/BauerP13},
  bibsource = {dblp computer science bibliography, https://dblp.org}
}
@online{hunit-docs,
  title = {HUnit: A unit testing framework for Haskell},
  url = {https://hackage.haskell.org/package/HUnit},
}
@online{effects-bibliography,
  title = {Collaborative bibliography of work related to the theory and practice of computational effects },
  url = {https://github.com/yallop/effects-bibliography},
}
