@InProceedings{handlers-cps,
  title = {Continuation Passing Style for Effect Handlers},
  author = {Daniel Hillerstr\"{o}m and Sam Lindley and Robert Atkey and KC Sivaramakrishnan},
  year = {2017},
  doi = {10.4230/LIPIcs.FSCD.2017.18},
  booktitle = {2nd International Conference on Formal Structures for Computation and Deduction (FSCD 2017)},
  series = {Leibniz International Proceedings in Informatics (LIPIcs)},
  editor = {Dale Miller},
  volume = {84}
}
@Article{handlers-cps-journal,
  title = {Effect Handlers via Generalised Continuations},
  author = {Daniel Hillerstr\"{o}m and Sam Lindley and Robert Atkey},
  year = {2020},
  doi = {10.1017/S0956796820000040},
  journal = {Journal of Functional Programming},
  volume = {30}
}
@article{binders-labels,
    author = {Biernacki, Dariusz and Pir\'{o}g, Maciej and Polesiuk, Piotr and Sieczkowski, Filip},
    title = {Binders by Day, Labels by Night: Effect Instances via Lexically Scoped Handlers},
    year = {2019},
    issue_date = {January 2020},
    publisher = {Association for Computing Machinery},
    address = {New York, NY, USA},
    volume = {4},
    number = {POPL},
    url = {https://doi.org/10.1145/3371116},
    doi = {10.1145/3371116},
    journal = {Proc. ACM Program. Lang.},
    month = dec,
    articleno = {48},
    numpages = {29},
    keywords = {effect handlers, algebraic effects, logical relations}
}
@InProceedings{liberating-effects,
    author = {Hillerstr\"{o}m, Daniel and Lindley, Sam},
    title = {Liberating Effects with Rows and Handlers},
    year = {2016},
    isbn = {9781450344357},
    publisher = {Association for Computing Machinery},
    address = {New York, NY, USA},
    url = {https://doi.org/10.1145/2976022.2976033},
    doi = {10.1145/2976022.2976033},
    booktitle = {Proceedings of the 1st International Workshop on Type-Driven Development},
    pages = {15–27},
    numpages = {13},
    keywords = {effect typing, operational semantics, effect handlers, delimited control, abstract machine semantics, algebraic effects},
    location = {Nara, Japan},
    series = {TyDe 2016}
}
@InProceedings{leijen-koka,
    author = {Leijen, Daan},
    title = {Type Directed Compilation of Row-Typed Algebraic Effects},
    booktitle = {Proceedings of Principles of Programming Languages (POPL'17), Paris, France},
    year = {2017},
    month = {January},
    url = {https://www.microsoft.com/en-us/research/publication/type-directed-compilation-row-typed-algebraic-effects/},
    edition = {Proceedings of Principles of Programming Languages (POPL'17), Paris, France},
}
@InProceedings{shallow-handlers,
author="Hillerstr{\"o}m, Daniel and Lindley, Sam",
editor="Ryu, Sukyoung",
title="Shallow Effect Handlers",
booktitle="Programming Languages and Systems",
year="2018",
publisher="Springer International Publishing",
address="Cham",
pages="415--435",
isbn="978-3-030-02768-1"
}

@article{appel-continuations,
 author = {Appel, Andrew W.},
 title = {Compiling with Continuations},
 year = {1992},
 isbn = {0-521-41695-7},
 publisher = {Cambridge University Press},
 address = {New York, NY, USA},
}
@article{frank,
  author    = {Sam Lindley and
               Conor McBride and
               Craig McLaughlin},
  title     = {Do be do be do},
  journal   = {CoRR},
  volume    = {abs/1611.09259},
  year      = {2016},
  url       = {http://arxiv.org/abs/1611.09259},
  archivePrefix = {arXiv},
  eprint    = {1611.09259},
  timestamp = {Mon, 13 Aug 2018 16:46:15 +0200},
  biburl    = {https://dblp.org/rec/bib/journals/corr/LindleyMM16},
  bibsource = {dblp computer science bibliography, https://dblp.org}
}
@article{helium,
 author = {Biernacki, Dariusz and Pir\'{o}g, Maciej and Polesiuk, Piotr and Sieczkowski, Filip},
 title = {Handle with Care: Relational Interpretation of Algebraic Effects and Handlers},
 journal = {Proc. ACM Program. Lang.},
 issue_date = {January 2018},
 volume = {2},
 number = {POPL},
 month = dec,
 year = {2017},
 issn = {2475-1421},
 pages = {8:1--8:30},
 articleno = {8},
 numpages = {30},
 url = {http://doi.acm.org/10.1145/3158096},
 doi = {10.1145/3158096},
 acmid = {3158096},
 publisher = {ACM},
 address = {New York, NY, USA},
 keywords = {algebraic effect, logical relation, row polymorphism},
}
@article{programming-in-eff,
  author    = {Andrej Bauer and
               Matija Pretnar},
  title     = {Programming with Algebraic Effects and Handlers},
  journal   = {CoRR},
  volume    = {abs/1203.1539},
  year      = {2012},
  url       = {http://arxiv.org/abs/1203.1539},
  archivePrefix = {arXiv},
  eprint    = {1203.1539},
  timestamp = {Mon, 13 Aug 2018 16:46:15 +0200},
  biburl    = {https://dblp.org/rec/bib/journals/corr/abs-1203-1539},
  bibsource = {dblp computer science bibliography, https://dblp.org}
}
@article{eff,
  author    = {Andrej Bauer and
               Matija Pretnar},
  title     = {An Effect System for Algebraic Effects and Handlers},
  journal   = {Logical Methods in Computer Science},
  volume    = {10},
  number    = {4},
  year      = {2014},
  url       = {https://doi.org/10.2168/LMCS-10(4:9)2014},
  doi       = {10.2168/LMCS-10(4:9)2014},
  timestamp = {Tue, 14 May 2019 16:31:18 +0200},
  biburl    = {https://dblp.org/rec/bib/journals/corr/BauerP13},
  bibsource = {dblp computer science bibliography, https://dblp.org}
}
@InProceedings{adequacy,
  author = {Plotkin, Gordon D. and Power, John},
  title = {Adequacy for Algebraic Effects},
  year = {2001},
  isbn = {3540418644},
  publisher = {Springer-Verlag},
  address = {Berlin, Heidelberg},
  booktitle = {Proceedings of the 4th International Conference on Foundations of Software Science and Computation Structures},
  pages = {1–24},
  numpages = {24},
  series = {FoSSaCS ’01}
}
@InProceedings{handlers,
  author="Plotkin, Gordon and Pretnar, Matija",
  editor="Castagna, Giuseppe",
  title="Handlers of Algebraic Effects",
  booktitle="Programming Languages and Systems",
  year="2009",
  publisher="Springer Berlin Heidelberg",
  address="Berlin, Heidelberg",
  pages="80--94",
  isbn="978-3-642-00590-9"
}

@online{python-effect,
  title = {Effect: library in Python implementing algebraic effects},
  url = {https://github.com/python-effect/effect},
}
@online{hunit-docs,
  title = {HUnit: A unit testing framework for Haskell},
  url = {https://hackage.haskell.org/package/HUnit},
}
@online{effects-bibliography,
  title = {Collaborative bibliography of work related to the theory and practice of computational effects },
  url = {https://github.com/yallop/effects-bibliography},
}
@online{freak,
  title = {Freak, functional programming language with (co)algebraic effects and (co)handlers},
  url = {https://github.com/Tomatosoup97/freak},
}
@online{kleisli-ncatlab,
  title = {Kleisli category definition on ncatlab},
  url = {https://ncatlab.org/nlab/show/Kleisli+category},
}
@online{rust,
  title = {Rust language webpage},
  url = {https://www.rust-lang.org/},
}
@online{coop,
  title = {Coop, langauge with coalgebraic effects},
  url = {https://github.com/andrejbauer/coop},
}
@online{haskell-coop,
  title = {An experimental Haskell library for programming with effectful runners},
  url = {https://github.com/danelahman/haskell-coop},
}
@article{runners-in-action,
   title={Runners in Action},
   ISBN={9783030449148},
   ISSN={1611-3349},
   url={http://dx.doi.org/10.1007/978-3-030-44914-8_2},
   DOI={10.1007/978-3-030-44914-8_2},
   journal={Lecture Notes in Computer Science},
   publisher={Springer International Publishing},
   author={Ahman, Danel and Bauer, Andrej},
   year={2020},
   pages={29–55}
}
@article{moggi,
    author = {Moggi, Eugenio},
    title = {Notions of Computation and Monads},
    year = {1991},
    issue_date = {July 1991},
    publisher = {Academic Press, Inc.},
    address = {USA},
    volume = {93},
    number = {1},
    issn = {0890-5401},
    url = {https://doi.org/10.1016/0890-5401(91)90052-4},
    doi = {10.1016/0890-5401(91)90052-4},
    journal = {Inf. Comput.},
    month = jul,
    pages = {55–92},
    numpages = {38}
}
@article{one-shot,
    author = {Satoru Kawahara and Yukiyoshi Kameyama},
    title = {One-shot Algebraic Effects as Coroutines},
    year = {2020},
    issue_date = {July 1991},
}
@techreport{leijen-c,
    author = {Leijen, Daan},
    title = {Implementing Algebraic Effects in C},
    year = {2017},
    month = {June},
    url = {https://www.microsoft.com/en-us/research/publication/implementing-algebraic-effects-c/},
    number = {MSR-TR-2017-23},
}
@article{handlers-tutorial,
    author = {Pretnar, Matija},
    title = {An Introduction to Algebraic Effects and Handlers. Invited Tutorial Paper},
    year = {2015},
    issue_date = {December 2015},
    publisher = {Elsevier Science Publishers B. V.},
    address = {NLD},
    volume = {319},
    number = {C},
    issn = {1571-0661},
    url = {https://doi.org/10.1016/j.entcs.2015.12.003},
    doi = {10.1016/j.entcs.2015.12.003},
    journal = {Electron. Notes Theor. Comput. Sci.},
    month = dec,
    pages = {19–35},
    numpages = {17},
    keywords = {effect system, tutorial, logic, algebraic effects, semantics, handlers}
}
@techreport{koka-tutorial,
    author = {Leijen, Daan},
    title = {Algebraic Effects for Functional Programming},
    year = {2016},
    month = {August},
    url = {https://www.microsoft.com/en-us/research/publication/algebraic-effects-for-functional-programming/},
    pages = {15},
    number = {MSR-TR-2016-29},
}
@InProceedings{monads-wadler,
    author = {Wadler, Philip},
    title = {The Essence of Functional Programming},
    year = {1992},
    isbn = {0897914538},
    publisher = {Association for Computing Machinery},
    address = {New York, NY, USA},
    url = {https://doi.org/10.1145/143165.143169},
    doi = {10.1145/143165.143169},
    pages = {1–14},
    numpages = {14},
    location = {Albuquerque, New Mexico, USA},
    series = {POPL ’92}
}
@InProceedings{monad-transformers,
author = {Liang, Sheng and Hudak, Paul and Jones, Mark},
title = {Monad Transformers and Modular Interpreters},
year = {1995},
isbn = {0897916921},
publisher = {Association for Computing Machinery},
address = {New York, NY, USA},
url = {https://doi.org/10.1145/199448.199528},
doi = {10.1145/199448.199528},
pages = {333–343},
numpages = {11},
location = {San Francisco, California, USA},
series = {POPL ’95}
}
@article{type-and-effect,
    title = "The Type and Effect Discipline",
    journal = "Information and Computation",
    volume = "111",
    number = "2",
    pages = "245 - 296",
    year = "1994",
    issn = "0890-5401",
    doi = "https://doi.org/10.1006/inco.1994.1046",
    url = "http://www.sciencedirect.com/science/article/pii/S0890540184710467",
    author = "J.P. Talpin and P. Jouvelot",
}
@article{linear-usage-of-state,
author = {Mogelberg, Rasmus and Staton, Sam},
year = {2014},
month = {03},
pages = {},
title = {Linear usage of state},
volume = {10},
journal = {Logical Methods in Computer Science},
doi = {10.2168/LMCS-10(1:17)2014}
}
@article{linear-logic,
    title = "Linear logic",
    journal = "Theoretical Computer Science",
    volume = "50",
    number = "1",
    pages = "1 - 101",
    year = "1987",
    issn = "0304-3975",
    doi = "https://doi.org/10.1016/0304-3975(87)90045-4",
    url = "http://www.sciencedirect.com/science/article/pii/0304397587900454",
    author = "Jean-Yves Girard",
}
@article{jacobs-rutten,
    author = {Bart Jacobs and Jan Rutten},
    title = {A Tutorial on (Co)Algebras and (Co)Induction},
    journal = {EATCS Bulletin},
    year = {1997},
    volume = {62},
    pages = {62--222}
}
@book{sangiorgi-intro,
    place={Cambridge},
    title={Introduction to Bisimulation and Coinduction},
    DOI={10.1017/CBO9780511777110},
    publisher={Cambridge University Press},
    author={Sangiorgi, Davide},
    year={2011}
}
@book{sangiorgi-advanced,
    place={Cambridge},
    series={Cambridge Tracts in Theoretical Computer Science},
    title={Advanced Topics in Bisimulation and Coinduction},
    DOI={10.1017/CBO9780511792588},
    publisher={Cambridge University Press},
    year={2011},
    collection={Cambridge Tracts in Theoretical Computer Science}
}
@article{bauer-what-is-algebraic,
  author    = {Andrej Bauer},
  title     = {What is algebraic about algebraic effects and handlers?},
  journal   = {CoRR},
  volume    = {abs/1807.05923},
  year      = {2018},
  url       = {http://arxiv.org/abs/1807.05923},
  archivePrefix = {arXiv},
  eprint    = {1807.05923},
  timestamp = {Mon, 13 Aug 2018 16:48:45 +0200},
  biburl    = {https://dblp.org/rec/journals/corr/abs-1807-05923.bib},
  bibsource = {dblp computer science bibliography, https://dblp.org}
}
@article{comodels,
  doi = {10.1016/j.entcs.2004.02.041},
  url = {https://doi.org/10.1016/j.entcs.2004.02.041},
  year = {2004},
  month = dec,
  publisher = {Elsevier {BV}},
  volume = {106},
  pages = {297--314},
  author = {John Power and Olha Shkaravska},
  title = {From Comodels to Coalgebras: State and Arrays},
  journal = {Electronic Notes in Theoretical Computer Science}
}
@article{runners-uustalu,
  doi = {10.1016/j.entcs.2015.12.024},
  url = {https://doi.org/10.1016/j.entcs.2015.12.024},
  year = {2015},
  month = dec,
  publisher = {Elsevier {BV}},
  volume = {319},
  pages = {403--421},
  author = {Tarmo Uustalu},
  title = {Stateful Runners of Effectful Computations},
  journal = {Electronic Notes in Theoretical Computer Science}
}
@article{tensors,
  doi = {10.1016/j.entcs.2008.10.018},
  url = {https://doi.org/10.1016/j.entcs.2008.10.018},
  year = {2008},
  month = oct,
  publisher = {Elsevier {BV}},
  volume = {218},
  pages = {295--311},
  author = {Gordon Plotkin and John Power},
  title = {Tensors of Comodels and Models for Operational Semantics},
  journal = {Electronic Notes in Theoretical Computer Science}
}
